@book{fisch1999eeg,
  title     = {EEG Primer},
  author    = {Fisch, Bruce J.},
  year      = {1999},
  publisher = {Elsevier},
  isbn      = {978-0444500137}
}

@article{siuly2016eeg,
  title     = {EEG signal analysis and classification},
  author    = {Siuly, Siuly and Li, Yan and Zhang, Yanchun},
  journal   = {IEEE Trans Neural Syst Rehabilit Eng},
  year      = {2016},
  volume    = {11},
  pages     = {141--144},
  publisher = {Springer}
}

@inbook{eeg,
  title   = {On the Classification of EEG Signal by Using an SVM Based Algorithm},
  author  = {Sacc√†, Valeria and Campolo, Maurizio and Mirarchi, Domenico and Gambardella, Antonio and Veltri, Pierangelo and Morabito, Francesco},
  journal = {Smart Innovation, Systems and Technologies},
  year    = {2018},
  pages   = {271-278},
  doi     = {10.1007/978-3-319-56904-8_26},
  isbn    = {978-3-319-56903-1},
  month   = {08}
}
