@misc{kagglemnedataset,
  title  = {EEG Motor Movement/Imagery Dataset},
  author = {Goldberger, Ary L. and others},
  year   = {2013}
}

@book{niedermeyer2005electroencephalography,
  title     = {Electroencephalography: Basic Principles, Clinical Applications, and Related Fields},
  author    = {Niedermeyer, Ernst and da Silva, Fernando Lopes},
  year      = {2005},
  publisher = {Lippincott Williams \& Wilkins},
  edition   = {5th}
}