@book{proakis2007digital,
  title     = {Digital Signal Processing: Principles, Algorithms and Applications},
  author    = {Proakis, John G. and Manolakis, Dimitris G.},
  year      = {2007},
  publisher = {Pearson Prentice Hall},
  address   = {Upper Saddle River, NJ},
  edition   = {4}
}

@book{oppenheim2010discrete,
  title     = {Discrete-Time Signal Processing},
  author    = {Oppenheim, Alan V. and Schafer, Ronald W. and Buck, John R.},
  year      = {2010},
  publisher = {Prentice Hall},
  address   = {Upper Saddle River, NJ},
  edition   = {3}
}

@book{lyons2011understanding,
  title     = {Understanding Digital Signal Processing},
  author    = {Lyons, Richard G.},
  year      = {2011},
  publisher = {Prentice Hall},
  address   = {Upper Saddle River, NJ},
  edition   = {3}
}

@article{cooley1965algorithm,
  title   = {An algorithm for the machine calculation of complex Fourier series},
  author  = {Cooley, J. W. and Tukey, J. W.},
  journal = {Mathematics of Computation},
  year    = {1965},
  volume  = {19},
  number  = {90},
  pages   = {297--301}
}
