@dataset{mitbih,
  title        = {MIT-BIH Arrhythmia Database},
  author       = {Moody, George B. and Mark, Roger G.},
  year         = {1992},
  howpublished = {\url{https://physionet.org/content/mitdb/1.0.0/}},
  note         = {PhysioNet},
  url          = {https://physionet.org/content/mitdb/1.0.0/}
}

@book{ecgbook,
  title     = {The ECG Made Easy},
  author    = {John R. Hampton},
  year      = {2019},
  publisher = {Elsevier},
  edition   = {9th},
  isbn      = {9780702074578}
}
